@book{fauve2023ascensionHeliosSkylab,
  title = {Ascension d'H\'elios Skylab},
  subtitle = {B\^atard de l'arche},
  author = {Fauve},
  year = {2023}
}
