@book{etienneWolff1995-CarminaBurana,
  title      = {Carmina Burana},
  author     = {Étienne Wolff},
  location   = {Paris},
  publisher  = {Impr. nationale},
  date       = {1995},
  pages      = {69--70}
}

@book{SturlusonABoyer1992-LEddaPoetique,
  title      = {L’Edda poétique},
  author     = {Snorri Sturluson and Régis Boyer},
  location   = {Paris},
  publisher  = {Fayard},
  date       = {1992},
  pages      = {504},
  isbn       = {2-213-02725-0}
}

